@misc{android_network_tutorial,
  title = {Volley tutorial : },
  howpublished = {https://www.simplifiedcoding.net/android-volley-post-request-tutorial/},
}
@misc{goog_tut,
  title = {Google's tutorial : },
  howpublished = {https://www.udacity.com/course/viewer#!/c-ud853},
}
@article{ahu61,
   author={Arrow, Kenneth J. and Leonid Hurwicz and Hirofumi Uzawa},
   title={Constraint qualifications in maximization problems},
   journal={Naval Research Logistics Quarterly},
   volume={8},
   year=1961,
   pages={175-191}
}
@book{ab94,
   author* = {Charalambos D. Aliprantis and Kim C. Border},
   year = {1994},
   title = {Infinite Dimensional Analysis},
   publisher = {Springer},
   address = {Berlin}
}